@article{einstein,
    author =       "Albert Einstein",
    title =        "{Zur Elektrodynamik bewegter K{\"o}rper}. ({German})
        [{On} the electrodynamics of moving bodies]",
    journal =      "Annalen der Physik",
    volume =       "322",
    number =       "10",
    pages =        "891--921",
    year =         "1905",
    DOI =          "http://dx.doi.org/10.1002/andp.19053221004"
}

@book{latexcompanion,
    author    = "Michel Goossens and Frank Mittelbach and Alexander Samarin",
    title     = "The \LaTeX\ Companion",
    year      = "1993",
    publisher = "Addison-Wesley",
    address   = "Reading, Massachusetts"
}

@misc{knuthwebsite,
    author    = "Donald Knuth",
    title     = "Knuth: Computers and Typesetting",
    url       = "http://www-cs-faculty.stanford.edu/\~{}uno/abcde.html"
}

@book{notsoshort,
  author = {Oetiker, Tobias and Partl, Hubert and Hyna, Irene and Schlegl, Elisabeth},
  note = {Version 4.22},
  title = {The Not So Short Introduction to LaTeX},
  url = {http://tobi.oetiker.ch/lshort/lshort.pdf},
  year = 202
}

@article{Gandikota2023,
  title     = {Web Application Security through Comprehensive Vulnerability Assessment},
  volume    = {230},
  issn      = {1877-0509},
  OPTurl       = {http://dx.doi.org/10.1016/j.procs.2023.12.072},
  doi       = {10.1016/j.procs.2023.12.072},
  journal   = {Procedia Computer Science},
  publisher = {Elsevier BV},
  author    = {Gandikota,  Prasanth Satya Sai Kiran and Valluri,  Deekshitha and Mundru,  Sathvik Babu and Yanala,  Gopi Krishna and Sushaini,  S},
  year      = {2023},
  pages     = {168â€“182},
  keywords    = {Foro},
  annotation  = {Referencia propuesta por \textcolor{YellowOrange}{\bf Daniela Maria Perdomo Garavito~\faThumbsUp[regular]{}}}
}

